  @misc{RECLAM2023,
author = {Rico, Ciro},
file = {:Users/mauriciomardones/IEO/RECLAM/FORMATOS/memoria{\_}cientifico-tecnica{\_}RECLAM{\_}(13-02-2023{\_}09.24.42){\_}firmada.pdf.pdf:pdf},
mendeley-groups = {RECLAM},
pages = {1--20},
title = {{MEMORIA CIENT{\'{I}}FICO-T{\'{E}}CNICA Plan Complementario de Ciencias Marinas y del Plan de Recuperaci{\'{o}}n , Transformaci{\'{o}}n y Resiliencia .}},
year = {2023}
}
  @Article{Wickham2019,
    title = {Welcome to the {tidyverse}},
    author = {Hadley Wickham and Mara Averick and Jennifer Bryan and Winston Chang and Lucy D'Agostino McGowan and Romain François and Garrett Grolemund and Alex Hayes and Lionel Henry and Jim Hester and Max Kuhn and Thomas Lin Pedersen and Evan Miller and Stephan Milton Bache and Kirill Müller and Jeroen Ooms and David Robinson and Dana Paige Seidel and Vitalie Spinu and Kohske Takahashi and Davis Vaughan and Claus Wilke and Kara Woo and Hiroaki Yutani},
    year = {2019},
    journal = {Journal of Open Source Software},
    volume = {4},
    number = {43},
    pages = {1686},
    doi = {10.21105/joss.01686},
  }
@Article{Ludecke2022,
    title = {easystats: Framework for Easy Statistical Modeling, Visualization, and Reporting},
    author = {Daniel Lüdecke and Mattan S. Ben-Shachar and Indrajeet Patil and Brenton M. Wiernik and Etienne Bacher and Rémi Thériault and Dominique Makowski},
    journal = {CRAN},
    doi = {10.32614/CRAN.package.easystats},
    year = {2022},
    note = {R package},
    url = {https://easystats.github.io/easystats/},
  }